<?xml version="1.0" encoding="UTF-8"?><record xmlns="http://www.loc.gov/MARC21/slim" xmlns:cinclude="http://apache.org/cocoon/include/1.0" xmlns:zs="http://www.loc.gov/zing/srw/">
  <leader>01028cz  a2200205n  4500</leader>
  <controlfield tag="001">n 2006053316</controlfield>
  <controlfield tag="003">DLC</controlfield>
  <controlfield tag="005">20160805075309.0</controlfield>
  <controlfield tag="008">060710n| azannaabn          |a aaa      </controlfield>
  <datafield tag="010" ind1=" " ind2=" ">
    <subfield code="a">n 2006053316</subfield>
  </datafield>
  <datafield tag="035" ind1=" " ind2=" ">
    <subfield code="a">(OCoLC)oca06991180</subfield>
  </datafield>
  <datafield tag="040" ind1=" " ind2=" ">
    <subfield code="a">DLC</subfield>
    <subfield code="b">eng</subfield>
    <subfield code="c">DLC</subfield>
    <subfield code="d">DLC</subfield>
    <subfield code="e">rda</subfield>
    <subfield code="d">DNLM</subfield>
  </datafield>
  <datafield tag="046" ind1=" " ind2=" ">
    <subfield code="f">1968-09-22</subfield>
    <subfield code="2">edtf</subfield>
  </datafield>
  <datafield tag="100" ind1="1" ind2=" ">
    <subfield code="a">Hays, Priya,</subfield>
    <subfield code="d">1968-</subfield>
  </datafield>
  <datafield tag="400" ind1="1" ind2=" ">
    <subfield code="a">Hays, Priya Venkatesan,</subfield>
    <subfield code="d">1968-</subfield>
  </datafield>
  <datafield tag="400" ind1="1" ind2=" ">
    <subfield code="w">nne</subfield>
    <subfield code="a">Venkatesan Hays, Priya,</subfield>
    <subfield code="d">1968-</subfield>
  </datafield>
  <datafield tag="670" ind1=" " ind2=" ">
    <subfield code="a">Her Molecular biology in narrative from, c2007:</subfield>
    <subfield code="b">ECIP t.p. (Priya Venkatesan Hays) data sheet (b. Sept. 22, 1968; Ph.D. lit. UC, San Diego; M.S. genetics, UC, Davis; postdoctoral fellowship, Dept. of Med., Dartmouth Med. Schl.)</subfield>
  </datafield>
  <datafield tag="670" ind1=" " ind2=" ">
    <subfield code="a">Email from publisher, 10-13-06:</subfield>
    <subfield code="b">(author's intention is compound surname, Venkatesan Hays)</subfield>
  </datafield>
  <datafield tag="670" ind1=" " ind2=" ">
    <subfield code="a">Advancing healthcare through personalized medicine, 2017:</subfield>
    <subfield code="b">ECIP title page (Priya Hays, Ph.D)</subfield>
  </datafield>
  <datafield tag="670" ind1=" " ind2=" ">
    <subfield code="a">Linkedin Web site, Aug. 4, 2016</subfield>
    <subfield code="b">(Priya Hays; technical writer at Cepheid)</subfield>
    <subfield code="u">https://www.linkedin.com/in/priya-hays-60866025</subfield>
  </datafield>
</record>